@article{okuyama,
    author = {FILHO, ESTEVAM and Júnior, Benedito and   Okuyama, Claudete},
    year = {2022},
    month = {05},
    pages = {1-12},
    title = {OS DESAFIOS DO ENSINO APRENDIZAGEM NA  MODALIDADE EAD PARA ALUNOS COM TDAH},
    volume = {10},
    journal = {Revista Científica Semana Acadêmica},
    doi = {10.35265/2236-6717-222-12080}
}